
@Article{Myers1995,
  title = {Population Dynamics of Exploited Fish Stocks at Low Population Levels},
  author = {R. A. Myers and N. J. Barrowman and J. A. Hutchings and A. A. Rosenberg},
  journal = {Science},
  year = {1995},
  month = {08},
  volume = {269},
  doi = {10.1126/science.269.5227.1106},
  issn = {0036-8075},
}
